References Quantile Forest:
         https://stat.ethz.ch/~nicolai/quantregforests.pdf
         http://www.jmlr.org/papers/volume7/meinshausen06a/meinshausen06a.pdf
         https://scikit-garden.github.io/examples/QuantileRegressionForests/
         https://github.com/dfagnan/QuantileRandomForestRegressor/blob/master/QuantileRandomForestRegressor_v2.py
         http://scikit-learn.org/stable/auto_examples/tree/plot_unveil_tree_structure.html

References XGboost:

References for xgboost modified:
    https://medium.com/bigdatarepublic/regression-prediction-intervals-with-xgboost-428e0a018b

references for non crossed:
    https://arxiv.org/pdf/0704.3649.pdf
    http://www.mit.edu/~vchern/curves-final2.pdf
    https://www.nr.no/~thordis/files/Frei2012.pdf
    https://onlinelibrary.wiley.com/doi/abs/10.3982/ECTA7880